@book{1,
  title={Multimediale und telemediale Lernumgebungen: Konzeption und Entwicklung},
  author={Kerres, Michael},
  year={2001},
  publisher={Walter de Gruyter}
}

@article{2,
 author = {Downes, Stephen},
 title = {E-learning 2.0},
 journal = {eLearn},
 issue_date = {October 2005},
 volume = {2005},
 number = {10},
 month = oct,
 year = {2005},
 issn = {1535-394X},
 pages = {1--},
 url = {http://doi.acm.org/10.1145/1104966.1104968},
 doi = {10.1145/1104966.1104968},
 acmid = {1104968},
 publisher = {ACM},
 address = {New York, NY, USA},
} 

@misc{3,
  author       = {O'Reilly, Tim},
  URL          = {https://www.oreilly.com/pub/a/web2/archive/what-is-web-20.html},
  title        = {What Is Web 2.0},
  year         = {2005},
  urldate      = {02/12/18}
}

@book{4,
  title={We the media: Grassroots journalism by the people, for the people},
  author={Gillmor, Dan},
  year={2006},
  publisher={ O'Reilly Media, Inc.}
}

@misc{5,
  author       = {Nolan Richard},
  title        = {Advantages and Disadvantages of E-Learning Technologies for Students},
  URL          = {https://www.joomlalms.com/blog/guest-posts/elearning-advantages-disadvantages.html},
  year         = {2017},
  urldate      = {16/12/18}
}

@misc{6,
  author       = {Ferriman, Justin},
  publisher    = {LearnDash},
  title        = {7 Awesome Advantages of ELearning},
  URL          = {https://www.learndash.com/7-awesome-advantages-of-elearning/},
  year         = {2013},
  urldate      = {16/12/18}
}

@misc{7,
  author       = {Angelika, Mair and Janine, Butzerin},
  title        = {E-Learning},
  location     = {Innsbruck},
  URL          = {https://www.uibk.ac.at/psychologie/mitarbeiter/leidlmair/seminararbeit_e-learning.pdf},
  year         = {2011},
  urldate      = {16/12/18}
}

@misc{8,
  author       = {Thalheimer, Will},
  title        = {Does eLearning Work? What the Scientific Research Says!},
  URL          = {https://www.worklearning.com/wp-content/uploads/2017/10/Does-eLearning-Work-Full-Research-Report-FINAL2.pdf},
  year         = {2017},
  urldate      = {16/12/18}
}

@misc{9,
  author       = {Pfeifer, Thies},
  title        = {Virtual Reality Technology},
  year         = {2017},
  urldate      = {16/12/18}
}

@article{10,
  title={Dual coding theory and education},
  author={Clark, James M and Paivio, Allan},
  journal={Educational psychology review},
  volume={3},
  number={3},
  pages={149--210},
  year={1991},
  publisher={Springer}
}

@article{11,
  title={Emotional stress and eyewitness memory: a critical review.},
  author={Christianson, Sven-{\AA}ke},
  journal={Psychological bulletin},
  volume={112},
  number={2},
  pages={284},
  year={1992},
  publisher={American Psychological Association}
}

@article{12,
  title={Analysis of assets for virtual reality applications in neuropsychology},
  author={Rizzo, Albert A and Schultheis, Maria and Kerns, Kimberly A and Mateer, Catherine},
  journal={Neuropsychological rehabilitation},
  volume={14},
  number={1-2},
  pages={207--239},
  year={2004},
  publisher={Taylor \& Francis}
}

@article{13,
  title={Virtual reality in neuroscience research and therapy},
  author={Bohil, Corey J and Alicea, Bradly and Biocca, Frank A},
  journal={Nature reviews neuroscience},
  volume={12},
  number={12},
  pages={752},
  year={2011},
  publisher={Nature Publishing Group}
}

@misc{14,
  author       = {Rouse Margaret},
  title        = {virtual reality-based training (VRBT)},
  URL          = {https://whatis.techtarget.com/definition/virtual-reality-based-training-VRBT},
  year         = {2017},
  urldate      = {16/12/18}
}

@misc{15,
  author       = {Gr. Baptiste},
  title        = {WHAT IS VIRTUAL REALITY TRAINING AND WHAT ARE ITS ADVANTAGES?},
  URL          = {https://provr.io/blog/vr-training/},
  year         = {2018},
  urldate      = {16/12/18}
}

@misc{16,
  author       = {Simblog},
  title        = {8 Advantages Of Virtual Reality Trainings},
  URL          = {http://www.simlabit.com/blog/virtual-reality/vr-training/advantages-of-virtual-reality-trainings/},
  year         = {2017},
  urldate      = {16/12/18}
}

@misc{17,
  author       = {Hicks, Paula},
  title        = {The Pros And Cons Of Using Virtual Reality In The Classroom},
  URL          = {https://elearningindustry.com/pros-cons-using-virtual-reality-in-the-classroom},
  year         = {2016},
  urldate      = {16/12/18}
}

@misc{18,
  author       = {Casale, Michael and Willage, Joe},
  title        = {Attention Analytics \& VR Training},
  URL          = {https://www.strivr.com/wp-content/uploads/2018/10/STRIVR_Attention-Analytics.pdf},
  year         = {2018},
  urldate      = {16/12/18}
}

@inproceedings{19,
  title={Virtual reality overview},
  author={Cruz-Neira, Carolina},
  booktitle={SIGGRAPH},
  volume={93},
  pages={1--1},
  year={1993}
}

@misc{20,
  author       = {NovaVision},
  title        = {Wie funktioniert das r√§umliche Sehen?},
  URL          = {https://novavision.de/raeumlich-sehen/},
  year         = {2016},
  urldate      = {16/12/18}
}

@misc{21,
  author       = {webvr.info},
  URL          = {https://webvr.info/},
  year         = {2018},
  urldate      = {16/12/18}
}

@misc{22,
  author       = {APP-ETWICKLER-VERZEICHNIS},
  title        = {Native Apps vs. Web Apps - Unterschiede und Vorteile},
  URL          = {https://app-entwickler-verzeichnis.de/faq-app-entwicklung/11-definitionen/586-unterschiede-und-vergleich-native-apps-vs-web-apps-2},
  year         = {2017},
  urldate      = {16/12/18}
}

@misc{23,
  author       = {Khronos},
  title        = {WebGL Overview},
  URL          = {https://www.khronos.org/webgl/},
  urldate      = {16/12/18}
}

@misc{24,
  author       = {Incao, Jane},
  title        = {How VR is Transforming the Way We Train Associates},
  URL          = {https://blog.walmart.com/innovation/20180920/how-vr-is-transforming-the-way-we-train-associates},
  year         = {2018},
  urldate      = {16/12/18}
}

@misc{25,
  author       = {Lang, Ben},
  title        = {An Introduction to Positional Tracking and Degrees of Freedom (DOF)},
  URL          = {https://www.roadtovr.com/introduction-positional-tracking-degrees-freedom-dof/},
  year         = {2013},
  urldate      = {16/12/18}
}

@inproceedings{26,
  title={Virtuelles Training in der Krankenpflege: Erste Erfahrungen mit Ultra-mobilen Head-Mounted-Displays},
  author={Derksen, Melanie and Zhang, Le and Sch{\"a}fer, Marc and Schr{\"o}der, Dimitri and Pfeiffer, Thies},
  year = {2016}
}

@article{27,
  title={Virtual reality: how much immersion is enough?},
  author={Bowman, Doug A and McMahan, Ryan P},
  journal={Computer},
  volume={40},
  number={7},
  year={2007},
  publisher={IEEE}
}

@book{28,
 author = {Jerald, Jason},
 title = {The VR Book: Human-Centered Design for Virtual Reality},
 year = {2016},
 isbn = {978-1-97000-112-9},
 publisher = {Association for Computing Machinery and Morgan \&\#38; Claypool},
 address = {New York, NY, USA},
}

@article{29,
  title={Affective interactions using virtual reality: the link between presence and emotions},
  author={Riva, Giuseppe and Mantovani, Fabrizia and Capideville, Claret Samantha and Preziosa, Alessandra and Morganti, Francesca and Villani, Daniela and Gaggioli, Andrea and Botella, Cristina and Alca{\~n}iz, Mariano},
  journal={CyberPsychology \& Behavior},
  volume={10},
  number={1},
  pages={45--56},
  year={2007},
  publisher={Mary Ann Liebert, Inc. 2 Madison Avenue Larchmont, NY 10538 USA}
}

@Article{30,
author="Sch{\"o}ne, Benjamin
and Wessels, Marlene
and Gruber, Thomas",
title="Experiences in Virtual Reality: a Window to Autobiographical Memory",
journal="Current Psychology",
year="2017",
month="Jul",
day="20",
abstract="VR-based paradigms could substantially increase the ecological validity of various psychological research topics as VR allows for submerging into real-life experiences under controlled laboratory conditions. In particular, in the field of mnemonic research, concerns have been raised that ``laboratory memory'' differs significantly from ``real-life'' autobiographical memory. Our study aimed to assess the immersive qualities of VR not only upon application but -more importantly- during the retrieval of the virtual experiences subsequent to a VR session. We presented participants with either a 360{\textdegree} VR or a 2D video of a motorcycle ride followed by an unannounced recognition memory task 48 h later. Increased retrieval success and delayed reaction times in the VR group indicate that immersive VR experiences become part of an extensive autobiographical associative network, whereas the conventional video experience remains an isolated episodic event.",
issn="1936-4733",
doi="10.1007/s12144-017-9648-y",
url="https://doi.org/10.1007/s12144-017-9648-y"
}

@misc{31,
  URL={https://www.oculus.com/rift/#oui-csl-rift-games=star-trek},
  title={Official Site Oculus Rift},
  year={2018},
  author={Oculus},
  urldate      = {16/12/18}
}

@misc{32,
  URL={https://www.vive.com/us/},
  title={Official Site HTC Vive},
  year={2018},
  author={Vive},
  urldate      = {16/12/18}
}

@misc{33,
  URL={https://vr.google.com/cardboard/},
  title={Official Site Google Cardboard},
  year={2018},
  author={Google},
  urldate      = {16/12/18}
}

@misc{34,
  URL={https://www.samsung.com/global/galaxy/gear-vr/},
  title={Official Site Samsung Gear VR},
  year={2018},
  author={Samsung},
  urldate      = {16/12/18}
}

@misc{35,
  URL={https://vr.google.com/daydream/},
  title={Official Site Google Daydream VR},
  year={2018},
  author={Google},
  urldate      = {16/12/18}
}

@misc{36,
  URL={https://www.oculus.com/go/},
  title={Official Site Oculus Go},
  year={2018},
  author={Oculus},
  urldate      = {16/12/18}
}

@misc{37,
  URL={https://unity3d.com/de},
  title={Official Site Unity},
  year={2018},
  author={Unity},
  urldate      = {16/12/18}
}

@misc{38,
  URL={https://playcanvas.com/},
  title={Official Site Play Canvas},
  year={2018},
  author={PlayCanvas},
  urldate      = {16/12/18}
}

@misc{39,
  URL={https://site.vizor.io/},
  title={Official Site Vizor},
  year={2018},
  author={Vizor},
  urldate = {16/12/18}
}

@misc{40,
  URL={https://facebook.github.io/react-360/},
  title={Official Site React 360},
  year={2018},
  author={React360},
  urldate      = {16/12/18}
}

@misc{41,
  URL={https://aframe.io/},
  title={Official Site A-Frame},
  year={2018},
  author={A-Frame},
  urldate      = {16/12/18}
}

@misc{42,
  URL={https://twitter.com/linus__torvalds},
  title={Twitter Linus Torvalds},
  year={2018},
  author={@Linus\_\_Torvalds},
  urldate      = {16/12/18}
}

@misc{43,
  URL={https://www.vrandfun.com/new-htc-vive-games-december-22-2017-weekend-edition/
},
  title={New VR Games To Play On HTC Vive ‚Äì December 22, 2017 Weekend Edition},
  year={2017},
  author={VR AND FUN},
  urldate      = {16/12/18}
}

@misc{44,
  URL={http://ariellalehrer.com/need-know-dont-arvr-research/
},
  title={6 Research Questions for AR/VR},
  year={2016},
  author={Ariella Lehrer, Ph.D.},
  urldate={16/12/18}
}

@misc{45,
  URL={https://novavision.de/raeumlich-sehen/},
  title={Wie funktioniert das r√§umliche Sehen?},
  year={2016},
  author={NovaVision},
  urldate={16/12/18}
}

@misc{46,
  URL={https://developers.google.com/vr/develop/unreal/arm-model},
  title={Unreal Motion Controller Support},
  year={2018},
  author={Google VR},
  urldate={16/12/18}
}

@misc{47,
  URL={http://www.tomsguide.com/faq/id-3102965/fix-tracking-errors-steamvr.html},
  title={How to Fix Tracking Errors In SteamVR},
  year={2016},
  author={nesumtoj},
  urldate={16/12/18}
}

@misc{48,
  URL={https://www.unrealengine.com/en-US/blog/unreal-engine-45-released},
  title={Unreal Engine 4.5 Released!},
  year={2014},
  author={Brandon Sieprawski},
  urldate={16/12/18}
}

@misc{49,
  URL={https://en.wikipedia.org/wiki/Degrees_of_freedom_(mechanics)},
  title={Degrees of freedom (mechanics)},
  year={2018},
  author={Wikipedia},
  urldate={16/12/18}
}

@misc{50,
  URL={https://en.wikipedia.org/wiki/Six_degrees_of_freedom},
  title={Six degrees of freedom},
  year={2018},
  author={Wikipedia},
  urldate={16/12/18}
}

@misc{51,
  URL={https://www.roadtovr.com/introduction-positional-tracking-degrees-freedom-dof/},
  title={An Introduction to Positional Tracking and Degrees of Freedom (DOF)},
  year={2013},
  author={Ben Lang},
  urldate={16/12/18}
}

@misc{52,
  URL={https://www.aniwaa.com/guide/vr-ar/vr-headset-buying-guide/},
  title={VR HEADSET BUYING GUIDE: HOW TO CHOOSE A VIRTUAL REALITY HMD?},
  year={2018},
  author={Ludivine Cherdo},
  urldate={16/12/18}
}

@misc{53,
  URL={https://tudip.com/portfolio/npm/},
  title={Npm JS},
  year={2018},
  author={Tudip},
  urldate={16/12/18}
}

@misc{54,
  URL={https://developer.mozilla.org/en-US/docs/Web/HTTP/CORS},
  title={Cross-Origin Resource Sharing (CORS)},
  year={2018},
  author={MDN web docs},
  urldate={16/12/18}
}

@misc{55,
  URL={https://medium.com/@sawomirkowalski/design-patterns-observer-5832ad7e0ddf},
  title={Design patterns: Observer},
  year={2018},
  author={S≈Çawomir Kowalski},
  urldate={16/12/18}
}

@misc{56,
  URL={https://www.codecademy.com/articles/what-is-cors},
  title={What is CORS?},
  year={2018},
  author={Codecademy},
  urldate={16/12/18}
}

@misc{57,
  URL={https://howto.caspio.com/parameters/parameters-as-query-string-values/},
  title={Parameters as Query String Values},
  year={2018},
  author={Caspio},
  urldate={16/12/18}
}